@article{cw64,
	author = {G. Clarke and J. W. Wright},
	title = {Scheduling of Vehicles from a Central Depot to a Number of Delivery Points},
	journal = {Operations Research},
	volume = {12},
	number = {4},
	pages = {568-581},
	year = {1964}
}
